<record xmlns='http://www.loc.gov/MARC21/slim'><leader>01460cim a22003612u 4500</leader><controlfield tag='001'>3602029</controlfield><controlfield tag='005'>20151214183017.0</controlfield><controlfield tag='007'>ss|lmnjluz|nuu</controlfield><controlfield tag='008'>991101s1988    nyunnn         l    eng d</controlfield><datafield ind1=' ' ind2=' ' tag='035'><subfield code='a'>(NIC)notisASF9094</subfield></datafield><datafield ind1=' ' ind2=' ' tag='035'><subfield code='a'>3602029</subfield></datafield><datafield ind1=' ' ind2=' ' tag='035'><subfield code='a'>(OCoLC)63898663</subfield></datafield><datafield ind1=' ' ind2=' ' tag='040'><subfield code='a'>NIC</subfield><subfield code='c'>NIC</subfield><subfield code='d'>NIC</subfield><subfield code='d'>NIC</subfield></datafield><datafield ind1='1' ind2=' ' tag='100'><subfield code='a'>Schorr, Daniel,</subfield><subfield code='d'>1916-2010.</subfield></datafield><datafield ind1='1' ind2='4' tag='245'><subfield code='a'>The Reagan presidency and domestic affairs</subfield><subfield code='h'>[sound recording]</subfield></datafield><datafield ind1=' ' ind2=' ' tag='260'><subfield code='c'>1988.</subfield></datafield><datafield ind1=' ' ind2=' ' tag='300'><subfield code='a'>1 sound cassette (67 min.) :</subfield><subfield code='b'>analog, mono.</subfield></datafield><datafield ind1=' ' ind2=' ' tag='500'><subfield code='a'>Recorded in Ithaca, NY by Cornell University.</subfield></datafield><datafield ind1=' ' ind2=' ' tag='500'><subfield code='a'>Sponsored by: University Events (Public Affairs), Office of.</subfield></datafield><datafield ind1=' ' ind2=' ' tag='500'><subfield code='a'>Speaker(s): Senior news analyst for National Public Radio.</subfield></datafield><datafield ind1=' ' ind2=' ' tag='518'><subfield code='a'>Lecture, November 15, 1988.</subfield></datafield><datafield ind1=' ' ind2=' ' tag='520'><subfield code='a'>Schorr outlines Reagan&apos;s three major attributes:  speech reading, small talk, and ineptitude in dealing with spontaneous affairs.  He addresses the president&apos;s popularity and his future legacy.</subfield></datafield><datafield ind1='1' ind2='0' tag='610'><subfield code='a'>United States.</subfield><subfield code='b'>President (1981-1989 : Reagan)</subfield></datafield><datafield ind1='1' ind2='0' tag='600'><subfield code='a'>Reagan, Ronald.</subfield></datafield><datafield ind1=' ' ind2='0' tag='651'><subfield code='a'>United States</subfield><subfield code='x'>Social conditions</subfield><subfield code='y'>1980-</subfield></datafield><datafield ind1='1' ind2='7' tag='600'><subfield code='a'>Reagan, Ronald</subfield><subfield code='2'>fast</subfield><subfield code='0'>(OCoLC)fst00036392</subfield></datafield><datafield ind1=' ' ind2='7' tag='648'><subfield code='a'>Since 1980</subfield><subfield code='2'>fast</subfield></datafield><datafield ind1=' ' ind2='7' tag='650'><subfield code='a'>Social history</subfield><subfield code='2'>fast</subfield><subfield code='0'>(OCoLC)fst01122498</subfield></datafield><datafield ind1=' ' ind2='7' tag='651'><subfield code='a'>United States</subfield><subfield code='2'>fast</subfield><subfield code='0'>(OCoLC)fst01204155</subfield></datafield><datafield ind1=' ' ind2='0' tag='830'><subfield code='a'>J. Eric Nordlander lectures.</subfield></datafield><datafield ind1='1' ind2=' ' tag='899'><subfield code='a'>CULectures</subfield></datafield><datafield ind1=' ' ind2=' ' tag='905'><subfield code='a'>20000413120000.0</subfield></datafield><datafield ind1='2' ind2=' ' tag='948'><subfield code='a'>20141221</subfield><subfield code='b'>m</subfield><subfield code='d'>batch</subfield><subfield code='e'>lts</subfield><subfield code='x'>addfast</subfield></datafield></record>